@article{Hartman,
  title={From SATE to PATT: Combining experimental with observational studies to estimate population treatment effects},
  author={Hartman, Erin and Grieve, Richard and Ramsahai, Roland and Sekhon, Jasjeet S},
  journal={Journal of the Royal Statistical Society: Series A (Statistics in Society)},
  volume={10},
  pages={1111},
  year={2015},
  publisher={Citeseer}
}

@article{Taubman,
	author = {Taubman, Sarah and Allen, Heidi and Wright, Bill and Baicker, Katherine and Finkelstein, Amy},
	title = {Medicaid Increases Emergency Department Use: Evidence from Oregon's Health Insurance Experiment},
	journal = {Science},
	year = {2014},
	month = {January},
	volume = {343},
	number = {6168},
	pages = {263--268}
	}
	
@misc{BRFSS,
	author = {Centers for Disease Control and Prevention},
	title = {Behavioral Risk Factor Surveillance System},
	howpublished = {\url{http://www.cdc.gov/brfss/index.html}},
	note = {April 2015}
	}

@article{finkelstein2012,
  title={The Oregon Health Insurance Experiment: Evidence from the First Year},
  author={Finkelstein, Amy and Taubman, Sarah and Wright, Bill and Bernstein, Mira and Gruber, Jonathan and Newhouse, Joseph P and Allen, Heidi},
  journal={The Quarterly Journal of Economics},
  volume={127},
  number={3},
  pages={1057},
  year={2012},
  publisher={NIH Public Access}
}

@article{Angrist1996,
	title = {Identification of Causal Effects Using Instrumental Variables},
	author = {Angrist, Joshua D. and Imbens, Guido W. and Rubin, Donald B.},
	journal = {Journal of the American Statistical Association},
	volume = {91},
	number = {434},
	month = {June},
	year = {1996},
	pages = {444--455}
}

@article{baicker2013,
  title={The Oregon experiment—effects of Medicaid on clinical outcomes},
  author={Baicker, Katherine and Taubman, Sarah L and Allen, Heidi L and Bernstein, Mira and Gruber, Jonathan H and Newhouse, Joseph P and Schneider, Eric C and Wright, Bill J and Zaslavsky, Alan M and Finkelstein, Amy N},
  journal={New England Journal of Medicine},
  volume={368},
  number={18},
  pages={1713--1722},
  year={2013},
  publisher={Mass Medical Soc}
}

@article{baicker2014,
  title={The Impact of Medicaid on Labor Market Activity and Program Participation: Evidence from the Oregon Health Insurance Experiment},
  author={Baicker, K and Finkelstein, A and Song, J and Taubman, S},
  journal={The American Economic Review},
  volume={104},
  number={5},
  pages={322},
  year={2014}
}

@article{breiman2001,
  title={Random forests},
  author={Breiman, Leo},
  journal={Machine Learning},
  volume={45},
  number={1},
  pages={5--32},
  year={2001},
  publisher={Springer}
}

@article{van2007,
  title={Super learner},
  author={van der Laan, Mark J and Polley, Eric C and Hubbard, Alan E},
  journal={Statistical Applications in Genetics and Molecular Biology},
  volume={6},
  number={1},
  year={2007}
}

@article{freedman2006,
  title={Statistical Models for Causation What Inferential Leverage Do They Provide?},
  author={Freedman, David A},
  journal={Evaluation Review},
  volume={30},
  number={6},
  pages={691--713},
  year={2006},
  publisher={Sage Publications}
}

@article{imai2013experimental,
  title={Experimental designs for identifying causal mechanisms},
  author={Imai, Kosuke and Tingley, Dustin and Yamamoto, Teppei},
  journal={Journal of the Royal Statistical Society: Series A (Statistics in Society)},
  volume={176},
  number={1},
  pages={5--51},
  year={2013},
  publisher={Wiley Online Library}
}


@article{ImaKinStu08,
  Author = {Kosuke Imai and Gary King and Elizabeth Stuart},
  Journal = {Journal of the Royal Statistical Society, Series A (Statistics in Society)},
  Pages = {481{\textendash}502},
  Title = {Misunderstandings Among Experimentalists and Observationalists about Causal Inference},
  Volume = {171},
  number={2},
  Year = {2008}
  }

  @article{stuart2011use,
  title={The use of propensity scores to assess the generalizability of results from randomized trials},
  author={Stuart, Elizabeth A and Cole, Stephen R and Bradshaw, Catherine P and Leaf, Philip J},
  journal={Journal of the Royal Statistical Society: Series A (Statistics in Society)},
  volume={174},
  number={2},
  pages={369--386},
  year={2011},
  publisher={Wiley Online Library}
}

@article{rubin1990,
  title={Comment: Neyman (1923) and Causal Inference in Experiments and Observational Studies},
  author={Rubin, Donald B},
  journal={Statistical Science},
  volume={5},
  number={4},
  pages={472--480},
  year={1990}
}

@misc{NHIS,
	author = {{National Center for Health Statistics}},
	title = {National Health Interview Survey, 2008--2013},
	howpublished = {\url{http://www.cdc.gov/nchs/nhis.htm}},
	 note = {[Online; accessed 06-April-2015]}
}

@article{parsons2014design,
  title={Design and estimation for the {N}ational {H}ealth {I}nterview {S}urvey, 2006--2015.},
  author={Parsons, Van L and Moriarity, Christopher L and Jonas, Kimball and Moore, Thomas F and Davis, Karen E and Tompkins, Linda},
  journal={National Center for Health Statistics. Vital and Health Statistics},
  volume={2},
  number={165},
  pages={1--53},
  year={2014}
}

@techreport{NBERw22363,
 title = "Doing More When You're Running {LATE}: Applying Marginal Treatment Effect Methods to Examine Treatment Effect Heterogeneity in Experiments",
 author = "Kowalski, Amanda E",
 institution = "National Bureau of Economic Research",
 type = "Working Paper",
 series = "Working Paper Series",
 number = "22363",
 year = "2016",
 month = "June",
 doi = {10.3386/w22363},
 URL = "http://www.nber.org/papers/w22363"
}

@article{van2007super,
  title={Super learner},
  author={Van der Laan, Mark J and Polley, Eric C and Hubbard, Alan E},
  journal={Statistical Applications in Genetics and Molecular Biology},
  volume={6},
  number={1},
  year={2007},
  publisher={De Gruyter}
}

@techreport{polley2010super,
  title={Super learner in prediction},
  author={Polley, Eric C and Van Der Laan, Mark J},
  institution={Division of Biostatistics, University of California, Berkeley},
  type={Working Paper},
  series={U.C. Berkeley Division of Biostatistics Working Paper Series},
  number={266},
  year={2010},
  URL={http://biostats.bepress.com/ucbbiostat/paper266}
}

@article{friedman2001greedy,
  title={Greedy function approximation: {A} gradient boosting machine},
  author={Friedman, Jerome H},
  journal={Annals of Statistics},
  pages={1189--1232},
  year={2001},
  publisher={JSTOR}
}

@article{friedman2002stochastic,
  title={Stochastic gradient boosting},
  author={Friedman, Jerome H},
  journal={Computational Statistics \& Data Analysis},
  volume={38},
  number={4},
  pages={367--378},
  year={2002},
  publisher={Elsevier}
}

@article{tibshirani2012strong,
  title={Strong rules for discarding predictors in lasso-type problems},
  author={Tibshirani, Robert and Bien, Jacob and Friedman, Jerome and Hastie, Trevor and Simon, Noah and Taylor, Jonathan and Tibshirani, Ryan J},
  journal={Journal of the Royal Statistical Society: Series B (Statistical Methodology)},
  volume={74},
  number={2},
  pages={245--266},
  year={2012},
  publisher={Wiley Online Library}
}

@article{baker1994paired,
  title={The paired availability design: a proposal for evaluating epidural analgesia during labor},
  author={Baker, Stuart G and Lindeman, Karen S},
  journal={Statistics in Medicine},
  volume={13},
  number={21},
  pages={2269--2278},
  year={1994},
  publisher={Wiley Online Library}
}

@article{frangakis1999addressing,
  title={Addressing complications of intention-to-treat analysis in the combined presence of all-or-none treatment-noncompliance and subsequent missing outcomes},
  author={Frangakis, Constantine E and Rubin, Donald B},
  journal={Biometrika},
  volume={86},
  number={2},
  pages={365--379},
  year={1999},
  publisher={Oxford University Press}
}

@article{levy2004covariate,
  title={Covariate adjustment in clinical trials with non-ignorable missing data and non-compliance},
  author={Levy, Douglas E and O'Malley, A James and Normand, Sharon-Lise T},
  journal={Statistics in Medicine},
  volume={23},
  number={15},
  pages={2319--2339},
  year={2004},
  publisher={Wiley Online Library}
}

@article{miller2012effect,
  title={The effect of insurance on emergency room visits: an analysis of the 2006 {M}assachusetts health reform},
  author={Miller, Sarah},
  journal={Journal of Public Economics},
  volume={96},
  number={11-12},
  pages={893--908},
  year={2012},
  publisher={Elsevier}
}

@article{kolstad2012impact,
  title={The impact of health care reform on hospital and preventive care: evidence from {M}assachusetts},
  author={Kolstad, Jonathan T and Kowalski, Amanda E},
  journal={Journal of Public Economics},
  volume={96},
  number={11-12},
  pages={909--929},
  year={2012},
  publisher={Elsevier}
}

@article{friedman2000additive,
  title={Additive logistic regression: {A} statistical view of boosting },
  author={Friedman, Jerome and Hastie, Trevor and Tibshirani, Robert},
  journal={The Annals of Statistics},
  volume={28},
  number={2},
  pages={337--407},
  year={2000},
  publisher={Institute of Mathematical Statistics}
}

@inproceedings{freund1996experiments,
  title={Experiments with a new boosting algorithm},
  author={Freund, Yoav and Schapire, Robert E and others},
  year={1996},
  organization={Citeseer}
}

@article{ruczinski2003logic,
  title={Logic regression},
  author={Ruczinski, Ingo and Kooperberg, Charles and LeBlanc, Michael},
  journal={Journal of Computational and Graphical Statistics},
  volume={12},
  number={3},
  pages={475--511},
  year={2003},
  publisher={Taylor \& Francis}
}

@article{buja1989linear,
  title={Linear smoothers and additive models},
  author={Buja, Andreas and Hastie, Trevor and Tibshirani, Robert},
  journal={The Annals of Statistics},
  pages={453--510},
  year={1989},
  publisher={JSTOR}
}

@article{rothwell2005external,
  title={External validity of randomised controlled trials: “To whom do the results of this trial apply?”},
  author={Rothwell, Peter M},
  journal={The Lancet},
  volume={365},
  number={9453},
  pages={82--93},
  year={2005},
  publisher={Elsevier}
}

@article{hudgens2008toward,
  title={Toward causal inference with interference},
  author={Hudgens, Michael G and Halloran, M Elizabeth},
  journal={Journal of the American Statistical Association},
  volume={103},
  number={482},
  pages={832--842},
  year={2008},
  publisher={Taylor \& Francis}
}

@article{yau2001inference,
  title={Inference for the complier-average causal effect from longitudinal data subject to noncompliance and missing data, with application to a job training assessment for the unemployed},
  author={Yau, Linda HY and Little, Roderick J},
  journal={Journal of the American Statistical Association},
  volume={96},
  number={456},
  pages={1232--1244},
  year={2001},
  publisher={Taylor \& Francis}
}

@article{frumento2012evaluating,
  title={Evaluating the effect of training on wages in the presence of noncompliance, nonemployment, and missing outcome data},
  author={Frumento, Paolo and Mealli, Fabrizia and Pacini, Barbara and Rubin, Donald B},
  journal={Journal of the American Statistical Association},
  volume={107},
  number={498},
  pages={450--466},
  year={2012},
  publisher={Taylor \& Francis}
}

@article{imbens1997bayesian,
  title={Bayesian inference for causal effects in randomized experiments with noncompliance},
  author={Imbens, Guido W and Rubin, Donald B},
  journal={The Annals of Statistics},
  pages={305--327},
  year={1997},
  publisher={JSTOR}
}

@article{imbens1994identification,
  title={Identification and Estimation of Local Average Treatment Effects},
  author={Imbens, Guido W and Angrist, Joshua D},
  journal={Econometrica},
  volume={62},
  number={2},
  pages={467--475},
  year={1994},
  publisher={Citeseer}
}

@article{balke1997bounds,
  title={Bounds on treatment effects from studies with imperfect compliance},
  author={Balke, Alexander and Pearl, Judea},
  journal={Journal of the American Statistical Association},
  volume={92},
  number={439},
  pages={1171--1176},
  year={1997},
  publisher={Taylor \& Francis}
}

@article{frangakis2002principal,
  title={Principal stratification in causal inference},
  author={Frangakis, Constantine E and Rubin, Donald B},
  journal={Biometrics},
  volume={58},
  number={1},
  pages={21--29},
  year={2002},
  publisher={Wiley Online Library}
}

@incollection{dawid2003causal,
  title={Causal inference using influence diagrams: The problem of partial compliance},
  author={Dawid, A Philip},
  year={2003},
  publisher={Oxford University Press}
}

@book{westfall1993resampling,
  title={Resampling-based multiple testing: Examples and methods for p-value adjustment},
  author={Westfall, Peter H and Young, S Stanley and others},
  volume={279},
  year={1993},
  publisher={John Wiley \& Sons}
}